@article{tenenbaum2001generalization,
  title={Generalization, similarity, and Bayesian inference},
  author={Tenenbaum, Joshua B and Griffiths, Thomas L},
  journal={Behavioral and brain sciences},
  volume={24},
  number={4},
  pages={629--640},
  year={2001},
  publisher={Cambridge University Press}
}

@article{nosofsky1986attention,
  title={Attention, similarity, and the identification--categorization relationship.},
  author={Nosofsky, Robert M},
  journal={Journal of experimental psychology: General},
  volume={115},
  number={1},
  pages={39},
  year={1986},
  publisher={American Psychological Association}
}

@article{navarro2012sampling,
  title={Sampling assumptions in inductive generalization},
  author={Navarro, Daniel J and Dry, Matthew J and Lee, Michael D},
  journal={Cognitive Science},
  volume={36},
  number={2},
  pages={187--223},
  year={2012},
  publisher={Wiley Online Library}
}

@article{lawson2009sample,
  title={Sample selection and inductive generalization},
  author={Lawson, Chris A and Kalish, Charles W},
  journal={Memory \& cognition},
  volume={37},
  number={5},
  pages={596--607},
  year={2009},
  publisher={Springer}
}


@article{hayes2019selective,
  title={Selective sampling and inductive inference: Drawing inferences based on observed and missing evidence},
  author={Hayes, Brett K and Banner, Stephanie and Forrester, Suzy and Navarro, Danielle J},
  journal={Cognitive psychology},
  volume={113},
  pages={101221},
  year={2019},
  publisher={Elsevier}
}


@article{lee2019negative,
  title={Negative evidence and inductive reasoning in generalization of associative learning.},
  author={Lee, Jessica C and Lovibond, Peter F and Hayes, Brett K and Navarro, Danielle J},
  journal={Journal of Experimental Psychology: General},
  volume={148},
  number={2},
  pages={289},
  year={2019},
  publisher={American Psychological Association}
}


@article{hayes2019diversity,
  title={The diversity effect in inductive reasoning depends on sampling assumptions},
  author={Hayes, Brett K and Navarro, Danielle J and Stephens, Rachel G and Ransom, Keith and Dilevski, Natali},
  journal={Psychonomic bulletin \& review},
  volume={26},
  number={3},
  pages={1043--1050},
  year={2019},
  publisher={Springer}
}

@article{voorspoels2015people,
  title={How do people learn from negative evidence? Non-monotonic generalizations and sampling assumptions in inductive reasoning},
  author={Voorspoels, Wouter and Navarro, Daniel J and Perfors, Amy and Ransom, Keith and Storms, Gert},
  journal={Cognitive Psychology},
  volume={81},
  pages={1--25},
  year={2015},
  publisher={Elsevier}
}


@article{ransom2016leaping,
  title={Leaping to conclusions: Why premise relevance affects argument strength},
  author={Ransom, Keith J and Perfors, Amy and Navarro, Daniel J},
  journal={Cognitive Science},
  volume={40},
  number={7},
  pages={1775--1796},
  year={2016},
  publisher={Wiley Online Library}
}


@article{hendrickson2019sample,
  title={Sample size, number of categories and sampling assumptions: Exploring some differences between categorization and generalization},
  author={Hendrickson, Andrew T and Perfors, Amy and Navarro, Danielle J and Ransom, Keith},
  journal={Cognitive Psychology},
  volume={111},
  pages={80--102},
  year={2019},
  publisher={Elsevier}
}



@article{shepard1987toward,
  title={Toward a universal law of generalization for psychological science},
  author={Shepard, Roger N},
  journal={Science},
  volume={237},
  number={4820},
  pages={1317--1323},
  year={1987},
  publisher={American Association for the Advancement of Science}
}

@article{shepard2004cognitive,
  title={How a cognitive psychologist came to seek universal laws},
  author={Shepard, Roger N},
  journal={Psychonomic bulletin \& review},
  volume={11},
  number={1},
  pages={1--23},
  year={2004},
  publisher={Springer}
}

@incollection{russell1988analogy,
  title={Analogy by similarity},
  author={Russell, Stuart},
  booktitle={Analogical reasoning},
  pages={251--269},
  year={1988},
  publisher={Springer}
}



@Manual{R-base,
  title = {R: A Language and Environment for Statistical Computing},
  author = {{R Core Team}},
  organization = {R Foundation for Statistical Computing},
  address = {Vienna, Austria},
  year = {2019},
  url = {https://www.R-project.org/},
}


@Manual{R-papaja,
  author = {Frederik Aust and Marius Barth},
  title = {{papaja}: {Create} {APA} manuscripts with {R Markdown}},
  year = {2018},
  note = {R package version 0.1.0.9842},
  url = {https://github.com/crsh/papaja},
}
@Manual{R-devtools,
  title = {devtools: Tools to Make Developing R Packages Easier},
  author = {Hadley Wickham and Jim Hester and Winston Chang},
  year = {2019},
  note = {R package version 2.2.1},
  url = {https://CRAN.R-project.org/package=devtools},
}
@Manual{R-git2r,
  author = {Stefan Widgren and others},
  title = {{git2r}: Provides Access to Git Repositories},
  year = {2018},
  note = {R package version 0.21.0},
  url = {https://CRAN.R-project.org/package=git2r},
}
@Manual{R-pkgdown,
  title = {pkgdown: Make Static HTML Documentation for a Package},
  author = {Hadley Wickham and Jay Hesselberth},
  year = {2019},
  note = {R package version 1.4.1},
  url = {https://CRAN.R-project.org/package=pkgdown},
}
@Manual{R-roxygen2,
  title = {roxygen2: In-Line Documentation for R},
  author = {Hadley Wickham and Peter Danenberg and Gábor Csárdi and Manuel Eugster},
  year = {2019},
  note = {R package version 7.0.2},
  url = {https://CRAN.R-project.org/package=roxygen2},
}
@Article{R-testthat,
  author = {Hadley Wickham},
  title = {testthat: Get Started with Testing},
  journal = {The R Journal},
  year = {2011},
  volume = {3},
  pages = {5--10},
  url = {https://journal.r-project.org/archive/2011-1/RJournal_2011-1_Wickham.pdf},
}
@Manual{R-usethis,
  title = {usethis: Automate Package and Project Setup},
  author = {Hadley Wickham and Jennifer Bryan},
  year = {2019},
  note = {R package version 1.5.1},
  url = {https://CRAN.R-project.org/package=usethis},
}
@Manual{R-workbch,
  title = {workbch: Lightweight Project Management},
  author = {Danielle Navarro},
  note = {R package version 0.1.0},
  url = {https://github.com/djnavarro/workbch},
}
